%% This BibTeX bibliography file was created using BibDesk.
%% http://bibdesk.sourceforge.net/


%% Created for Tobias Banaszak at 2010-08-16 21:56:58 +0200 


%% Saved with string encoding Unicode (UTF-8) 


@comment{jabref-meta: selector_publisher:}
@comment{jabref-meta: selector_author:}
@comment{jabref-meta: selector_journal:}
@comment{jabref-meta: selector_keywords:}



@misc{dasisteinemarke,
	Author = {Sheldon Cooper and Leslie Winkel},
	Date-Added = {2010-08-16 21:52:46 +0200},
	Date-Modified = {2010-08-16 21:56:45 +0200},
	Howpublished = {{URL: \url{http://einewebquelle.com/web/bla/fjdsifjsiofjsdiofjoidsfjds/huibuh/dings/bums}}},
	Institution = {Loompaland Institute of Technology},
	Note = {Geladen am 16.06.2010},
	Title = {{Ingenieure - Die Oompa Loompas der Naturwissenschaft}},
	Year = {2006}}